%% This BibTeX bibliography file was created using BibDesk.
%% http://bibdesk.sourceforge.net/


%% Created for Nathan at 2012-05-10 17:32:19 -0500 


%% Saved with string encoding Unicode (UTF-8) 



@inproceedings{POSTagger,
	Abstract = {We present a new part-of-speech tagger that demonstrates the following ideas: (i)explicit use of both preceding and following tag contexts via  a dependency network representation, (ii) broad use of lexical features, including jointly conditioning on multiple consecutive words, (iii) effective use of priors in conditional loglinear models, and (iv) fine-grained modeling of unknown word features.  Using these ideas together, the resulting tagger gives a 97.24% accuracy on the Penn Treebank WSJ, an error reduction of 4.4% on the best previous single automatically learned tagging result. },
	Author = {Kristina Toutanova and Dan Klein and Christopher Manning and Yoram Singer},
	Booktitle = {Human Language Technology Conference (HLT-NAACL 2003)},
	Date-Added = {2012-05-10 22:16:30 +0000},
	Date-Modified = {2012-05-10 22:16:30 +0000},
	Journal = {HLT-NAACL, 252-259, 2003},
	Keywords = {part-of-speech tagging, dependency networks, sequence models},
	Title = {Feature-Rich Part-of-Speech Tagging with a Cyclic Dependency Network},
	Url = {http://ilpubs.stanford.edu:8090/603/},
	Year = {2003},
	Bdsk-Url-1 = {http://ilpubs.stanford.edu:8090/603/}}

@misc{svm-multiclass-prog,
	Author = {Thorsten Joachims},
	Date-Added = {2012-05-10 22:04:20 +0000},
	Date-Modified = {2012-05-10 22:07:48 +0000},
	Howpublished = {\url{http://svmlight.joachims.org/svm_multiclass.html} (accessed May 10, 2012)},
	Lastchecked = {10 May, 2012},
	Month = {September},
	Title = {Multi-Class Support Vector Machine},
	Url = {http://svmlight.joachims.org/svm_multiclass.html},
	Urldate = {September 2008},
	Year = {2008}}

@incollection{svm-light,
	Acmid = {299104},
	Address = {Cambridge, MA, USA},
	Author = {Joachims, Thorsten},
	Booktitle = {Advances in kernel methods},
	Date-Added = {2012-05-10 19:28:06 +0000},
	Date-Modified = {2012-05-10 19:35:17 +0000},
	Editor = {Sch\"{o}lkopf, Bernhard and Burges, Christopher J. C. and Smola, Alexander J.},
	Isbn = {0-262-19416-3},
	Numpages = {16},
	Pages = {169--184},
	Publisher = {MIT Press},
	Title = {Making large-scale support vector machine learning practical},
	Url = {http://dl.acm.org/citation.cfm?id=299094.299104},
	Year = {1999},
	Bdsk-Url-1 = {http://dl.acm.org/citation.cfm?id=299094.299104}}

@inproceedings{svm-struct,
	Acmid = {1015341},
	Address = {New York, NY, USA},
	Author = {Tsochantaridis, Ioannis and Hofmann, Thomas and Joachims, Thorsten and Altun, Yasemin},
	Booktitle = {Proceedings of the twenty-first international conference on Machine learning},
	Date-Added = {2012-05-10 19:24:48 +0000},
	Date-Modified = {2012-05-10 19:26:00 +0000},
	Doi = {10.1145/1015330.1015341},
	Isbn = {1-58113-838-5},
	Location = {Banff, Alberta, Canada},
	Pages = {104--},
	Publisher = {ACM},
	Series = {ICML '04},
	Title = {Support vector machine learning for interdependent and structured output spaces},
	Url = {http://doi.acm.org/10.1145/1015330.1015341},
	Year = {2004},
	Bdsk-Url-1 = {http://doi.acm.org/10.1145/1015330.1015341},
	Bdsk-Url-2 = {http://dx.doi.org/10.1145/1015330.1015341}}

@incollection{f1-multiclass,
	Affiliation = {Department of Computer Engineering, Bo{\u g}azi{\c c}i University, Bebek, {\.I}stanbul, 34342 Turkey},
	Author = {{\"O}zg{\"u}r, Arzucan and {\"O}zg{\"u}r, Levent and G{\"u}ng{\"o}r, Tunga},
	Booktitle = {Computer and Information Sciences - ISCIS 2005},
	Date-Added = {2012-05-10 17:09:09 +0000},
	Date-Modified = {2012-05-10 18:42:42 +0000},
	Editor = {Yolum, pInar and G{\"u}ng{\"o}r, Tunga and G{\"u}rgen, Fikret and {\"O}zturan, Can},
	Isbn = {978-3-540-29414-6},
	Keyword = {Computer Science},
	Pages = {606-615},
	Publisher = {Springer Berlin / Heidelberg},
	Series = {Lecture Notes in Computer Science},
	Title = {Text Categorization with Class-Based and Corpus-Based Keyword Selection},
	Url = {http://dx.doi.org/10.1007/11569596_63},
	Volume = {3733},
	Year = {2005},
	Bdsk-Url-1 = {http://dx.doi.org/10.1007/11569596_63}}

@inproceedings{Tsur2007,
	Acmid = {1629797},
	Address = {Stroudsburg, PA, USA},
	Author = {Tsur, Oren and Rappoport, Ari},
	Booktitle = {Proceedings of the Workshop on Cognitive Aspects of Computational Language Acquisition},
	Location = {Prague, Czech Republic},
	Numpages = {8},
	Pages = {9--16},
	Publisher = {Association for Computational Linguistics},
	Series = {CACLA '07},
	Title = {Using classifier features for studying the effect of native language on the choice of written second language words},
	Url = {http://dl.acm.org/citation.cfm?id=1629795.1629797},
	Year = {2007},
	Bdsk-Url-1 = {http://dl.acm.org/citation.cfm?id=1629795.1629797}}

@inproceedings{Koppel2005a,
	Author = {Koppel, Moshe and Schler, Jonathan and Zigdon, Kfir},
	Booktitle = {IEEE International Conference on Intelligence and Security Informatics},
	Pages = {209--217},
	Title = {{Automatically Determining an Anonymous Author's Native Language}},
	Year = {2005}}

@inproceedings{Brooke2012,
	Author = {Brooke, Julian and Hirst, Graeme},
	Booktitle = {Submitted to Learner Corpus Research Conference at the Centre for English Corpus Linguistics},
	Keywords = {learner corpora,native language,natural language processing,text classification},
	Title = {{Native Language Detection with `Cheap' Learner Corpora}},
	Year = {2012}}

@inproceedings{Ozgur:2005:TCC:2103951.2104023,
	Acmid = {2104023},
	Address = {Berlin, Heidelberg},
	Author = {\"{O}zg\"{u}r, Arzucan and \"{O}zg\"{u}r, Levent and G\"{u}ng\"{o}r, Tunga},
	Booktitle = {Proceedings of the 20th international conference on Computer and Information Sciences},
	Doi = {10.1007/11569596_63},
	Isbn = {3-540-29414-7, 978-3-540-29414-6},
	Keywords = {SVM, keyword selection, reuters-21578, text categorization},
	Location = {Istanbul, Turkey},
	Numpages = {10},
	Pages = {606--615},
	Publisher = {Springer-Verlag},
	Series = {ISCIS'05},
	Title = {Text categorization with class-based and corpus-based keyword selection},
	Url = {http://dx.doi.org/10.1007/11569596_63},
	Year = {2005},
	Bdsk-Url-1 = {http://dx.doi.org/10.1007/11569596_63}}

@misc{VOICE,
	Author = {VOICE},
	Howpublished = {\url{http://voice.univie.ac.at} (accessed April 17, 2012)},
	Title = {{The Vienna-Oxford International Corpus of English (version 1.1 XML) Director: Barbara Seidlhofer; Researchers: Angelika Breiteneder, Theresa Klimpfinger, Stefan Majewski, Ruth Osimk, Marie-Luise Pitzl.}},
	Year = {2011}}

@misc{VOICEConv,
	Author = {VOICE},
	Howpublished = {\url{http://www.univie.ac.at/voice/voice.php?page=transcription_general_information} (accessed April 8, 2012)},
	Title = {{VOICE Transcription Conventions [2.1]}},
	Year = {2007}}
	
@book{Mosteller_Wallace_1964,
	Author = {Mosteller, F. and Wallace, D. L.},
	Publisher = {Addison-Wesley},
	Title = {Inference and Disputed Authorship: The Federalist},
	Url = {http://hdl.handle.net/2027/mdp.39015004063254},
	Year = {1964},
	Bdsk-Url-1 = {http://hdl.handle.net/2027/mdp.39015004063254}}

@book{Foster2000,
	Author = {Foster, Don},
	Publisher = {Henry Holt, New York},
	Title = {Author Unknown: On the Trail of Anonymous},
	Year = {2000}}

@inproceedings{Nowson2007,
	Author = {S. Nowson and J. Oberlander},
	Booktitle = {International Conference on Weblogs and Social Media, Boulder, CO},
	Title = {Identifying more bloggers: Towards large scale personality classification of personal weblogs},
	Year = {2007}}

@article{10.1109/CSAC.2002.1176299,
	Address = {Los Alamitos, CA, USA},
	Author = {Malcolm Corney and Olivier de Vel and Alison Anderson and George Mohay},
	Doi = {http://doi.ieeecomputersociety.org/10.1109/CSAC.2002.1176299},
	Issn = {1063-9527},
	Journal = {Computer Security Applications Conference, Annual},
	Pages = {282},
	Publisher = {IEEE Computer Society},
	Title = {Gender-Preferential Text Mining of E-mail Discourse},
	Volume = {0},
	Year = {2002},
	Bdsk-Url-1 = {http://doi.ieeecomputersociety.org/10.1109/CSAC.2002.1176299}}

@article{Argamon_Levitan_2004,
	Author = {Argamon, Shlomo and Levitan, Shlomo},
	Journal = {Literary and Linguistic Computing},
	Pages = {1--3},
	Publisher = {Citeseer},
	Title = {Measuring the usefulness of function words for authorship attribution},
	Url = {http://citeseerx.ist.psu.edu/viewdoc/download?doi=10.1.1.71.6935&rep=rep1&type=pdf},
	Year = {2004},
	Bdsk-Url-1 = {http://citeseerx.ist.psu.edu/viewdoc/download?doi=10.1.1.71.6935&rep=rep1&type=pdf}}

@article{Mohan_Lo_1985,
	Author = {Mohan, Bernard A. and Lo, Winnie Au-Yeung},
	Journal = {Tesol Quarterly},
	Number = {3},
	Pages = {515--534},
	Title = {Academic Writing and Chinese Students: Transfer and Developmental Factors},
	Url = {http://www.jstor.org/stable/3586276?origin=crossref},
	Volume = {19},
	Year = {1985},
	Bdsk-Url-1 = {http://www.jstor.org/stable/3586276?origin=crossref}}

@article{Yamashita_Jiang_2010,
	Author = {Yamashita, Junko and Jiang, Nan},
	Journal = {Tesol Quarterly},
	Number = {4},
	Pages = {647--668},
	Publisher = {Teachers of English to Speakers of Other Languages, Inc. (TESOL)},
	Title = {L1 Influence on the Acquisition of L2 Collocations: Japanese ESL Users and EFL Learners Acquiring English Collocations},
	Url = {http://openurl.ingenta.com/content/xref?genre=article&issn=0039-8322&volume=44&issue=4&spage=647},
	Volume = {44},
	Year = {2010},
	Bdsk-Url-1 = {http://openurl.ingenta.com/content/xref?genre=article&issn=0039-8322&volume=44&issue=4&spage=647}}

@article{Kat_Fung_Bay_Kong_1999,
	Author = {Kat, Liu Wai and Fung, Pascale},
	Journal = {Science And Technology},
	Pages = {5--8},
	Publisher = {Ieee},
	Title = {Fast accent identification and accented speech recognition},
	Url = {http://ieeexplore.ieee.org/lpdocs/epic03/wrapper.htm?arnumber=758102},
	Year = {1999},
	Bdsk-Url-1 = {http://ieeexplore.ieee.org/lpdocs/epic03/wrapper.htm?arnumber=758102}}

@misc{Ahmed_Tan_2011,
	Author = {Ahmed, Basem H. A. and Tan, Tien-Ping},
	Journal = {2011 International Conference on Asian Language Processing},
	Pages = {224--227},
	Publisher = {IEEE},
	Title = {Non-native Accent Pronunciation Modeling in Automatic Speech Recognition},
	Year = {2011}}

@article{ICLEv2,
	Author = {Granger, Sylviane and Dagneaux, Estelle and Meunier, Fanny},
	Editor = {Aarts, Jan and De Haan, Pieter and Oostdijk, NellekeEditors},
	Journal = {Language Acquisition},
	Pages = {1--5},
	Publisher = {Rodopi},
	Title = {International Corpus of Learner English},
	Url = {http://www.fltr.ucl.ac.be/fltr/germ/etan/cecl/Cecl-Projects/icle/download/icle.pdf},
	Year = {2002},
	Bdsk-Url-1 = {http://www.fltr.ucl.ac.be/fltr/germ/etan/cecl/Cecl-Projects/icle/download/icle.pdf}}

@misc{Lang-8,
	Author = {{\CJK{UTF8}{min}{株式会社}}Lang-8},
	Howpublished = {\url{http://lang-8.com/} (accessed April 28, 2012)},
	Title = {Lang-8 - Multi-lingual language learning and language exchange},
	Year = {2012}}
